% References
@article{manv-ratzeburg,
  author = {Jann, Timo},
  date = {2024-07-30},
  title = {Dach von Netto-Markt in Ratzeburg eingestürzt – zwölf Menschen leicht
           verletzt},
  journal = {Lübecker Nachrichten},
  urldate = {2024-09-20},
  url = {
         https://www.ln-online.de/lokales/herzogtum-lauenburg/ratzeburg-dach-von-netto-markt-eingestuerzt-grossalarm-fuer-rettungskraefte-U7PQGRDWAZELJNEEZTAIMBWZVI.html
         },
}

@article{manv-a7,
  author = {Schöning, Nils},
  date = {2021-04-05},
  title = {Einsatz: Tödlicher Verkehrsunfall mit Massenanfall von Verletzten},
  journal = {Kreisfeuerwehrverband Segeberg},
  urldate = {2024-09-20},
  url = {
         https://www.kfv-segeberg.org/aktuelles/aktuelle-meldung/?tx_news_pi1%5Bnews%5D=255&tx_news_pi1%5Bcontroller%5D=News&tx_news_pi1%5Baction%5D=detail&cHash=fa275706467a1e9cc8352a6a5adaf192
         },
}

@article{manv-badaibling,
  author = {Bettinger, Nicolas},
  date = {2023-02-09},
  title = {„Schwärzester Tag“ – Zugunglück von Bad Aibling jährt sich zum
           siebten Mal},
  journal = {OVBonline},
  urldate = {2024-09-23},
  url = {
         https://www.ovb-online.de/rosenheim/bad-aibling/bad-aibling-zugunglueck-jaehrt-sich-zum-siebten-mal-91277715.html
         },
}

@article{kreuz2016durchfuhrung,
  title = {Durchf{\"u}hrung und Auswertung von MANV-{\"U}bungen},
  subtitle = {Wissenschaftliche Erkenntnisse und Best Practices},
  author = {Kreuz eV, Deutsches Rotes},
  year = {2016},
  journal = {Schriften der DRK-Forschung},
  volume = {3},
}

@online{manv1übung,
  title = {MANV 1 Übung im Sportzentrum Essern mit realistischen Darstellern},
  date = {2023-05-06},
  author = {Döding, Sven and Dröge, Katharina},
  url = {
         https://www.kfv-nienburg.de/portal/meldungen/manv-1-uebung-im-sportzentrum-essern-mit-realistischen-darstellern--3784-1869.html
         },
  urldate = {2024-09-24},
}
